@Article{Bond2007,
 author = {Bond, RB and Ober, CC and Knupp, PM and Bova, SW},
 title = {Manufactured solution for computational fluid dynamics boundary condition verification},
 journal = {AIAA Journal},
 year = {2007},
 volume = {45},
 number = {9},
 pages = {2224-2236},
}



@Article{Carreau72,
author = {Carreau, P.J.},
title = {Rheological Equations from Molecular Network Theories},
journal = {Trans. Soc. Rheology},
year = {1972},
volume = {16},
number = {1},
pages = {99--127},
}

@Article{Cross70,
author = {Cross, M. M.},
title = {Kinetic interpretation of non \textsc{N}ewtonian flow},
journal = {Journal of Colloid and Interface Science},
year = {1970},
volume = {33},
pages = {30--35},
}

@Article{Estacio2007,
author = {K. C. Estacio and N. Mangiavacchi},
title = {Simplified model for mold filling
simulations using \textsc{CVFEM} and unstructured meshes},
journal = {Communications in Numerical Methods in Engineering},
volume = {23},
year = {2007},
pages = {345--361},
}


@Article{Estacio2008,
author = {K. C. Estacio and L. G. Nonato and N. Mangiavacchi and G. F. Carey},
title = {Combining \textsc{CVFEM} and meshless front tracking in \textsc{H}ele-\textsc{S}haw mold filling simulation},
journal = {International Journal for Numerical Methods in Fluids},
year = {2008},
volume = {56},
number = {8},
pages = {1217-1223},
}

@PhdThesis{Estacio2008a,
author = {K. C. Estacio},
title = {Simulação de escoamento de fluidos em superfícies definidas por pontos nao organizados [Fluid flow simulation in surfaces defined by non-organized points]},
school ={University of São Paulo, ICMC/USP},
year = {2008},
address = {São Carlos, Brazil},
month = {October},
}

@Article{Estacio2009,
author = {K. C. Estacio and G. F. Carey and N. Mangiavacchi },
title = {An unstructured CVFEM and moving interface algorithm for non-\textsc{N}ewtonian \textsc{H}ele-\textsc{S}haw flows in injection molding},
journal = {International Journal of Numerical Methods for Heat \& Fluid Flow}
year = {2009},
note = {In press},
}

@Article{Hirt81,
  author = {Hirt, C. W. and Nichols, B. D.},
  title = {Volume of fluid (\textsc{VOF}) method for the dynamics of free boundaries},
  journal = {Journal of Computational Physics},
  year = {1981},
  volume = {39},
  pages = {201-225},
}


@Article{Jain99,
author = {Jain, A. K. and Murty, M. N. and Flynn, P. J.},
title = {Data clustering: a review},
journal = {ACM Computing Surveys},
year = {1999},
volume = {31},
pages = {264--323},
}

@TechReport{Kirk2009,
 author = {Kirk, BS  and Amar, AJ  and Stogner, R  and Schultz, K  and Oliver, T },
 title = {The HYFLOW Hypersonic Flow Simulation Toolkit},
 institution = {NASA Lyndon B. Johnson Space Center and The University of Texas at Austin},
 year = {2009},
 OPTannote = {A Collection of Tools for Simulating Aerothermodynamics Applications for Flows in Thermochemical Nonequilibrium and Assoocatied Thermal Protection System Material Response},

}


@Misc{Maple,
 author = {Maplesoft},
 title = {Maple: the essential tool for Mathematics and Modeling},
 howpublished = {http://www.maplesoft.com/Products/Maple/},
 month = {November},
 year = {2009},
}


@Misc{Niceno,
author = {B. Niceno},
title = {{Easymesh: a free two-dimensional quality mesh generator based on Delaunay triangulation}},
howpublished = {http://www-dinma.univ.trieste.it/nirftc/research/easymesh/},
 month = {November},
 year = {2009},
}

@Article{libMeshPaper,
   author = {B.~Kirk and J.~W.~Peterson and R.~H.~Stogner and G.~F.~Carey},
    title = {{\texttt{libMesh}: A C++ Library for Parallel Adaptive Mesh
              Refinement/Coarsening Simulations}},
  journal = {Engineering with Computers},
   volume = {22},
   number = {3--4},
    pages = {237--254},
     year = {2006},
      howpublished = {http://dx.doi.org/10.1007/s00366-006-0049-3},
     }


@Misc{libMesh,
 author = {Libmesh},
 title = {{\texttt{libMesh}: C++ Finite Element Library}},
 howpublished = {http://libmesh.sourceforge.net/},
 month = {November},
 year = {2009},
}



@Article{Myers2005,
author = {Myers, T. G.},
title = {Application of non-\textsc{N}ewtonian models to thin film flow},
journal = {Physical Review E - Statistical, Nonlinear, and Soft Matter Physics},
year = {2005},
volume = {72 (6 Pt 2)},
pages = {066302-1 -- 066302-11},
} 
@Article{Oberkampf2002,
 author = {Oberkampf, WL and Trucano, TG},
 title = {Verification and validation in computational fluid dynamics},
 journal = {Progress In Aerospace Sciences},
 year = {2002 },
 volume = { 38  },
 number = {3 },
 pages = {209-272},

}

@Article{Oberkampf2008,
 author = {Oberkampf, WL and Trucano, TG},
 title = {Verification and validation benchmarks},
 journal = {Nuclear Engineering And Design},
 year = {2008 },
 volume = { 238 },
 number = {3 },
 pages = {716-743},

}


@Article{Phillips2001,
author = {Phillips, T. N. and Williams, A. J.},
title = {A Semi-\textsc{L}agrangian  Finite Volume Method for \textsc{N}ewtonian Contraction Flows},
journal = {SIAM Journal on Scientific Computing },
year = {2001},
volume = {22},
number = { 6},
pages = {2152--2177},
}

@Article{Roache84,
 author = {Roache, PJ and Steinberg, S},
 title = {Symbolic Manipulation And Computational Fluid-Dynamics},
 journal = { AIAA Journal },
 year = {1984},
 volume = {22},
 number = {10},
 pages = {1390-1394},
}

@Article{Roache2002,
 author = {Roache, PJ},
 title = {Code verification by the method of manufactured solutions},
 journal = {Journal Of Fluids Engineering -- Transactions Of The ASME},
 year = {2002 },
 volume = { 124},
 number = {1 },
 pages = {4-10},
 }


@Article{Roy2004,
 author = {CJ Roy and CC Nelson and TM Smith  and CC Ober},
 title = {Verification of Euler/Navier–Stokes codes using the method of  manufactured solutions},
 journal = {Int. J. Numer. Meth. Fluids},
 year = {2004},
 volume = {44},
 pages = {599--620},
}

@InProceedings{Roy2002,
 author = {CJ Roy and  TM Smith  and CC Ober},
 title = {Verification of a COmpressible CFD Code using the method of  manufactured solutions},
 booktitle = {AIAA FLuid Dynamics Conference and Exhibit},
year = {2002},
 number = {AIAA 2002-3110},
 OPTaddress = {St Louis, Missouri},
}





@Article{Shin2000,
author = {S. Shin and W. I. Lee},
title = {Finite element analysis of incompressible viscous flow with moving free surface by selective volume of fluid method},
journal = {International Journal of Heat \& Fluid Flow},
year = {2000},
volume = {21},
number = {2},
pages = {197--206},
OPTannote = {http://www.sciencedirect.com/science/article/B6V3G-3YNY1M0-8/2/652bb984ff441299ddd9a4e1ac521ea5}
}
